[gd_scene load_steps=70 format=3 uid="uid://bmupxvqq7kw1s"]

[ext_resource type="Texture2D" uid="uid://bk5ioqegynxj3" path="res://Assets/Player/ninja-black-32x32.png" id="1_447p4"]
[ext_resource type="Script" path="res://Scripts/Player/player.gd" id="1_uplfv"]
[ext_resource type="Script" path="res://Scripts/Player/PlayerAttackArea.gd" id="3_7m7d8"]
[ext_resource type="PackedScene" uid="uid://cgfx0buep5byn" path="res://Scenes/parallax_background.tscn" id="3_7y10h"]
[ext_resource type="Script" path="res://Scripts/GameScripts/StateMachine.gd" id="5_ghfvw"]
[ext_resource type="Script" path="res://Scripts/Player/PlayerDoubleJumpState.gd" id="6_im6hb"]
[ext_resource type="Script" path="res://Scripts/Player/PlayerIdleState.gd" id="7_wnuac"]
[ext_resource type="Script" path="res://Scripts/Player/PlayerJumpState.gd" id="8_hcngx"]
[ext_resource type="Script" path="res://Scripts/Player/PlayerRunState.gd" id="9_rn042"]
[ext_resource type="Script" path="res://Scripts/Player/PlayerFallingState.gd" id="10_x7p32"]
[ext_resource type="Script" path="res://Scripts/Player/PlayerDoubleJumpFallingState.gd" id="11_dbhhb"]
[ext_resource type="Script" path="res://Scripts/Player/PlayerDamageState.gd" id="12_jpya4"]
[ext_resource type="Script" path="res://Scripts/Player/InvencibleTimer.gd" id="13_n3ytu"]
[ext_resource type="PackedScene" uid="uid://dqwfotynj71p4" path="res://Scenes/hud.tscn" id="13_ofve7"]
[ext_resource type="AudioStream" uid="uid://b4pxvsrri66fu" path="res://Assets/SoundEffects/Player/character_jump.mp3" id="14_7lwtc"]
[ext_resource type="Script" path="res://Scripts/Player/PlayerAttackState.gd" id="14_38t5i"]
[ext_resource type="AudioStream" uid="uid://wnjk6xwrf82e" path="res://Assets/SoundEffects/Player/character_damage.mp3" id="15_qsyd3"]
[ext_resource type="AudioStream" uid="uid://cv3nkl3sd248s" path="res://Assets/SoundEffects/Player/sword_swing.mp3" id="16_ivhaq"]
[ext_resource type="PackedScene" uid="uid://dnvrtsbnx1xne" path="res://Scenes/Components/health_component.tscn" id="19_83eej"]

[sub_resource type="AtlasTexture" id="AtlasTexture_6qqe3"]
atlas = ExtResource("1_447p4")
region = Rect2(0, 256, 32, 32)

[sub_resource type="AtlasTexture" id="AtlasTexture_fptlf"]
atlas = ExtResource("1_447p4")
region = Rect2(0, 289, 32, 32)

[sub_resource type="AtlasTexture" id="AtlasTexture_r3644"]
atlas = ExtResource("1_447p4")
region = Rect2(0, 320, 32, 32)

[sub_resource type="AtlasTexture" id="AtlasTexture_0s863"]
atlas = ExtResource("1_447p4")
region = Rect2(0, 352, 32, 32)

[sub_resource type="AtlasTexture" id="AtlasTexture_0ubp6"]
atlas = ExtResource("1_447p4")
region = Rect2(32, 256, 32, 32)

[sub_resource type="AtlasTexture" id="AtlasTexture_mqvaw"]
atlas = ExtResource("1_447p4")
region = Rect2(32, 288, 32, 32)

[sub_resource type="AtlasTexture" id="AtlasTexture_r6hil"]
atlas = ExtResource("1_447p4")
region = Rect2(32, 320, 32, 32)

[sub_resource type="AtlasTexture" id="AtlasTexture_ln47v"]
atlas = ExtResource("1_447p4")
region = Rect2(32, 352, 32, 32)

[sub_resource type="AtlasTexture" id="AtlasTexture_4xnxa"]
atlas = ExtResource("1_447p4")
region = Rect2(160, 32, 32, 32)

[sub_resource type="AtlasTexture" id="AtlasTexture_citem"]
atlas = ExtResource("1_447p4")
region = Rect2(160, 0, 32, 32)

[sub_resource type="AtlasTexture" id="AtlasTexture_vhh45"]
atlas = ExtResource("1_447p4")
region = Rect2(96, 0, 32, 32)

[sub_resource type="AtlasTexture" id="AtlasTexture_3565e"]
atlas = ExtResource("1_447p4")
region = Rect2(96, 32, 32, 32)

[sub_resource type="AtlasTexture" id="AtlasTexture_f8kmd"]
atlas = ExtResource("1_447p4")
region = Rect2(96, 64, 32, 32)

[sub_resource type="AtlasTexture" id="AtlasTexture_rya4b"]
atlas = ExtResource("1_447p4")
region = Rect2(96, 96, 32, 32)

[sub_resource type="AtlasTexture" id="AtlasTexture_j05jc"]
atlas = ExtResource("1_447p4")
region = Rect2(160, 96, 32, 32)

[sub_resource type="AtlasTexture" id="AtlasTexture_oi0c2"]
atlas = ExtResource("1_447p4")
region = Rect2(64, 32, 32, 32)

[sub_resource type="AtlasTexture" id="AtlasTexture_ajv2t"]
atlas = ExtResource("1_447p4")
region = Rect2(0, 0, 32, 32)

[sub_resource type="AtlasTexture" id="AtlasTexture_ncgo6"]
atlas = ExtResource("1_447p4")
region = Rect2(0, 33, 32, 32)

[sub_resource type="AtlasTexture" id="AtlasTexture_8064y"]
atlas = ExtResource("1_447p4")
region = Rect2(0, 64, 32, 32)

[sub_resource type="AtlasTexture" id="AtlasTexture_ysdd3"]
atlas = ExtResource("1_447p4")
region = Rect2(0, 96, 32, 32)

[sub_resource type="AtlasTexture" id="AtlasTexture_2g7m5"]
atlas = ExtResource("1_447p4")
region = Rect2(64, 0, 32, 32)

[sub_resource type="AtlasTexture" id="AtlasTexture_3euad"]
atlas = ExtResource("1_447p4")
region = Rect2(32, 0, 32, 32)

[sub_resource type="AtlasTexture" id="AtlasTexture_e1rdv"]
atlas = ExtResource("1_447p4")
region = Rect2(32, 32, 32, 32)

[sub_resource type="AtlasTexture" id="AtlasTexture_ye0vs"]
atlas = ExtResource("1_447p4")
region = Rect2(32, 64, 32, 32)

[sub_resource type="AtlasTexture" id="AtlasTexture_fo24y"]
atlas = ExtResource("1_447p4")
region = Rect2(32, 96, 32, 32)

[sub_resource type="AtlasTexture" id="AtlasTexture_3lnkq"]
atlas = ExtResource("1_447p4")
region = Rect2(64, 64, 32, 32)

[sub_resource type="AtlasTexture" id="AtlasTexture_xjl76"]
atlas = ExtResource("1_447p4")
region = Rect2(96, 128, 32, 32)

[sub_resource type="AtlasTexture" id="AtlasTexture_5myqg"]
atlas = ExtResource("1_447p4")
region = Rect2(96, 160, 32, 32)

[sub_resource type="AtlasTexture" id="AtlasTexture_lu3fw"]
atlas = ExtResource("1_447p4")
region = Rect2(96, 192, 32, 32)

[sub_resource type="AtlasTexture" id="AtlasTexture_1yqpd"]
atlas = ExtResource("1_447p4")
region = Rect2(96, 224, 32, 32)

[sub_resource type="AtlasTexture" id="AtlasTexture_yis7y"]
atlas = ExtResource("1_447p4")
region = Rect2(160, 224, 32, 32)

[sub_resource type="AtlasTexture" id="AtlasTexture_5vg1p"]
atlas = ExtResource("1_447p4")
region = Rect2(64, 160, 32, 32)

[sub_resource type="AtlasTexture" id="AtlasTexture_6kyv1"]
atlas = ExtResource("1_447p4")
region = Rect2(0, 128, 32, 32)

[sub_resource type="AtlasTexture" id="AtlasTexture_ksimt"]
atlas = ExtResource("1_447p4")
region = Rect2(0, 161, 32, 32)

[sub_resource type="AtlasTexture" id="AtlasTexture_m1lqg"]
atlas = ExtResource("1_447p4")
region = Rect2(0, 192, 32, 32)

[sub_resource type="AtlasTexture" id="AtlasTexture_f20ij"]
atlas = ExtResource("1_447p4")
region = Rect2(0, 224, 32, 32)

[sub_resource type="AtlasTexture" id="AtlasTexture_iesmj"]
atlas = ExtResource("1_447p4")
region = Rect2(64, 128, 32, 32)

[sub_resource type="AtlasTexture" id="AtlasTexture_jfx5h"]
atlas = ExtResource("1_447p4")
region = Rect2(64, 192, 32, 32)

[sub_resource type="AtlasTexture" id="AtlasTexture_b0dit"]
atlas = ExtResource("1_447p4")
region = Rect2(32, 128, 32, 32)

[sub_resource type="AtlasTexture" id="AtlasTexture_t1elg"]
atlas = ExtResource("1_447p4")
region = Rect2(32, 160, 32, 32)

[sub_resource type="AtlasTexture" id="AtlasTexture_fg4l4"]
atlas = ExtResource("1_447p4")
region = Rect2(32, 192, 32, 32)

[sub_resource type="AtlasTexture" id="AtlasTexture_7jaka"]
atlas = ExtResource("1_447p4")
region = Rect2(32, 224, 32, 32)

[sub_resource type="SpriteFrames" id="SpriteFrames_qs1as"]
animations = [{
"frames": [{
"duration": 1.0,
"texture": SubResource("AtlasTexture_6qqe3")
}, {
"duration": 1.0,
"texture": SubResource("AtlasTexture_fptlf")
}, {
"duration": 1.0,
"texture": SubResource("AtlasTexture_r3644")
}, {
"duration": 1.0,
"texture": SubResource("AtlasTexture_0s863")
}],
"loop": true,
"name": &"bow_idle",
"speed": 5.0
}, {
"frames": [{
"duration": 1.0,
"texture": SubResource("AtlasTexture_0ubp6")
}, {
"duration": 1.0,
"texture": SubResource("AtlasTexture_mqvaw")
}, {
"duration": 1.0,
"texture": SubResource("AtlasTexture_r6hil")
}, {
"duration": 1.0,
"texture": SubResource("AtlasTexture_ln47v")
}],
"loop": true,
"name": &"bow_run",
"speed": 5.0
}, {
"frames": [{
"duration": 1.0,
"texture": SubResource("AtlasTexture_4xnxa")
}],
"loop": true,
"name": &"crouch",
"speed": 5.0
}, {
"frames": [{
"duration": 1.0,
"texture": SubResource("AtlasTexture_citem")
}],
"loop": true,
"name": &"damage",
"speed": 5.0
}, {
"frames": [{
"duration": 1.0,
"texture": SubResource("AtlasTexture_vhh45")
}, {
"duration": 1.0,
"texture": SubResource("AtlasTexture_3565e")
}, {
"duration": 1.0,
"texture": SubResource("AtlasTexture_f8kmd")
}, {
"duration": 1.0,
"texture": SubResource("AtlasTexture_rya4b")
}],
"loop": true,
"name": &"fist_attack",
"speed": 5.0
}, {
"frames": [{
"duration": 1.0,
"texture": SubResource("AtlasTexture_j05jc")
}],
"loop": true,
"name": &"fist_death",
"speed": 5.0
}, {
"frames": [{
"duration": 1.0,
"texture": SubResource("AtlasTexture_oi0c2")
}],
"loop": true,
"name": &"fist_falling",
"speed": 5.0
}, {
"frames": [{
"duration": 1.0,
"texture": SubResource("AtlasTexture_ajv2t")
}, {
"duration": 1.0,
"texture": SubResource("AtlasTexture_ncgo6")
}, {
"duration": 1.0,
"texture": SubResource("AtlasTexture_8064y")
}, {
"duration": 1.0,
"texture": SubResource("AtlasTexture_ysdd3")
}],
"loop": true,
"name": &"fist_idle",
"speed": 5.0
}, {
"frames": [{
"duration": 1.0,
"texture": SubResource("AtlasTexture_2g7m5")
}],
"loop": true,
"name": &"fist_jumping",
"speed": 5.0
}, {
"frames": [{
"duration": 1.0,
"texture": SubResource("AtlasTexture_3euad")
}, {
"duration": 1.0,
"texture": SubResource("AtlasTexture_e1rdv")
}, {
"duration": 1.0,
"texture": SubResource("AtlasTexture_ye0vs")
}, {
"duration": 1.0,
"texture": SubResource("AtlasTexture_fo24y")
}],
"loop": true,
"name": &"fist_run",
"speed": 10.0
}, {
"frames": [{
"duration": 1.0,
"texture": SubResource("AtlasTexture_3lnkq")
}],
"loop": true,
"name": &"landing",
"speed": 5.0
}, {
"frames": [{
"duration": 1.0,
"texture": SubResource("AtlasTexture_xjl76")
}, {
"duration": 1.0,
"texture": SubResource("AtlasTexture_5myqg")
}, {
"duration": 1.0,
"texture": SubResource("AtlasTexture_lu3fw")
}, {
"duration": 1.0,
"texture": SubResource("AtlasTexture_1yqpd")
}],
"loop": true,
"name": &"sword_attack",
"speed": 5.0
}, {
"frames": [{
"duration": 1.0,
"texture": SubResource("AtlasTexture_yis7y")
}],
"loop": true,
"name": &"sword_death",
"speed": 5.0
}, {
"frames": [{
"duration": 1.0,
"texture": SubResource("AtlasTexture_5vg1p")
}],
"loop": true,
"name": &"sword_falling",
"speed": 5.0
}, {
"frames": [{
"duration": 1.0,
"texture": SubResource("AtlasTexture_6kyv1")
}, {
"duration": 1.0,
"texture": SubResource("AtlasTexture_ksimt")
}, {
"duration": 1.0,
"texture": SubResource("AtlasTexture_m1lqg")
}, {
"duration": 1.0,
"texture": SubResource("AtlasTexture_f20ij")
}],
"loop": true,
"name": &"sword_idle",
"speed": 5.0
}, {
"frames": [{
"duration": 1.0,
"texture": SubResource("AtlasTexture_iesmj")
}],
"loop": true,
"name": &"sword_jumping",
"speed": 5.0
}, {
"frames": [{
"duration": 1.0,
"texture": SubResource("AtlasTexture_jfx5h")
}],
"loop": true,
"name": &"sword_landing",
"speed": 5.0
}, {
"frames": [{
"duration": 1.0,
"texture": SubResource("AtlasTexture_b0dit")
}, {
"duration": 1.0,
"texture": SubResource("AtlasTexture_t1elg")
}, {
"duration": 1.0,
"texture": SubResource("AtlasTexture_fg4l4")
}, {
"duration": 1.0,
"texture": SubResource("AtlasTexture_7jaka")
}],
"loop": true,
"name": &"sword_run",
"speed": 5.0
}]

[sub_resource type="CapsuleShape2D" id="CapsuleShape2D_bvdgs"]
radius = 3.24324
height = 9.36937

[sub_resource type="CapsuleShape2D" id="CapsuleShape2D_4yqsc"]
radius = 7.0
height = 22.0

[sub_resource type="Animation" id="Animation_rh0ro"]
length = 0.001

[sub_resource type="Animation" id="Animation_gbnld"]
resource_name = "attack"
length = 0.8
step = 0.2
tracks/0/type = "value"
tracks/0/imported = false
tracks/0/enabled = true
tracks/0/path = NodePath("PlayerAnimatedSprites:frame")
tracks/0/interp = 1
tracks/0/loop_wrap = true
tracks/0/keys = {
"times": PackedFloat32Array(0, 0.2, 0.4, 0.6),
"transitions": PackedFloat32Array(1, 1, 1, 1),
"update": 0,
"values": [0, 1, 2, 3]
}
tracks/1/type = "value"
tracks/1/imported = false
tracks/1/enabled = true
tracks/1/path = NodePath("PlayerAnimatedSprites:animation")
tracks/1/interp = 1
tracks/1/loop_wrap = true
tracks/1/keys = {
"times": PackedFloat32Array(0),
"transitions": PackedFloat32Array(1),
"update": 0,
"values": [&"fist_attack"]
}
tracks/2/type = "value"
tracks/2/imported = false
tracks/2/enabled = true
tracks/2/path = NodePath("PlayerAnimatedSprites/PlayerAttackArea/AttackHitboxCollision:disabled")
tracks/2/interp = 1
tracks/2/loop_wrap = true
tracks/2/keys = {
"times": PackedFloat32Array(0, 0.2, 0.6),
"transitions": PackedFloat32Array(1, 1, 1),
"update": 1,
"values": [true, false, true]
}
tracks/3/type = "value"
tracks/3/imported = false
tracks/3/enabled = true
tracks/3/path = NodePath("PlayerAnimatedSprites/PlayerAttackArea/AttackHitboxCollision:position")
tracks/3/interp = 1
tracks/3/loop_wrap = true
tracks/3/keys = {
"times": PackedFloat32Array(0, 0.2, 0.4, 0.6),
"transitions": PackedFloat32Array(1, 1, 1, 1),
"update": 1,
"values": [Vector2(0, 4), Vector2(0, 6), Vector2(9, 6), Vector2(0, 5)]
}
tracks/4/type = "value"
tracks/4/imported = false
tracks/4/enabled = true
tracks/4/path = NodePath("PlayerAnimatedSprites/PlayerAttackArea/AttackHitboxCollision:scale")
tracks/4/interp = 1
tracks/4/loop_wrap = true
tracks/4/keys = {
"times": PackedFloat32Array(0.2, 0.4, 0.6),
"transitions": PackedFloat32Array(1, 1, 1),
"update": 1,
"values": [Vector2(0.935, 0.92), Vector2(1.048, 0.925), Vector2(1e-05, 1e-05)]
}

[sub_resource type="Animation" id="Animation_epagg"]
resource_name = "new_attack"
tracks/0/type = "value"
tracks/0/imported = false
tracks/0/enabled = true
tracks/0/path = NodePath("PlayerAnimatedSprites:animation")
tracks/0/interp = 1
tracks/0/loop_wrap = true
tracks/0/keys = {
"times": PackedFloat32Array(0),
"transitions": PackedFloat32Array(1),
"update": 0,
"values": [&"fist_attack"]
}
tracks/1/type = "value"
tracks/1/imported = false
tracks/1/enabled = true
tracks/1/path = NodePath("PlayerAnimatedSprites:frame")
tracks/1/interp = 1
tracks/1/loop_wrap = true
tracks/1/keys = {
"times": PackedFloat32Array(0.8, 0.9, 1),
"transitions": PackedFloat32Array(1, 1, 1),
"update": 0,
"values": [0, 1, 3]
}

[sub_resource type="Animation" id="Animation_14jne"]
resource_name = "sword_attack"
length = 0.8
step = 0.2
tracks/0/type = "value"
tracks/0/imported = false
tracks/0/enabled = true
tracks/0/path = NodePath("PlayerAnimatedSprites:frame")
tracks/0/interp = 1
tracks/0/loop_wrap = true
tracks/0/keys = {
"times": PackedFloat32Array(0, 0.2, 0.4, 0.6),
"transitions": PackedFloat32Array(1, 1, 1, 1),
"update": 0,
"values": [0, 1, 2, 3]
}
tracks/1/type = "value"
tracks/1/imported = false
tracks/1/enabled = true
tracks/1/path = NodePath("PlayerAnimatedSprites:animation")
tracks/1/interp = 1
tracks/1/loop_wrap = true
tracks/1/keys = {
"times": PackedFloat32Array(0),
"transitions": PackedFloat32Array(1),
"update": 0,
"values": [&"sword_attack"]
}
tracks/2/type = "value"
tracks/2/imported = false
tracks/2/enabled = true
tracks/2/path = NodePath("PlayerAnimatedSprites/PlayerAttackArea/AttackHitboxCollision:disabled")
tracks/2/interp = 1
tracks/2/loop_wrap = true
tracks/2/keys = {
"times": PackedFloat32Array(0, 0.2, 0.6),
"transitions": PackedFloat32Array(1, 1, 1),
"update": 1,
"values": [true, false, true]
}
tracks/3/type = "value"
tracks/3/imported = false
tracks/3/enabled = true
tracks/3/path = NodePath("PlayerAnimatedSprites/PlayerAttackArea/AttackHitboxCollision:position")
tracks/3/interp = 1
tracks/3/loop_wrap = true
tracks/3/keys = {
"times": PackedFloat32Array(0, 0.2, 0.4, 0.6),
"transitions": PackedFloat32Array(1, 1, 1, 1),
"update": 1,
"values": [Vector2(5.96046e-08, 4), Vector2(1, 7), Vector2(11, 5), Vector2(9.53674e-07, 4)]
}
tracks/4/type = "value"
tracks/4/imported = false
tracks/4/enabled = true
tracks/4/path = NodePath("PlayerAnimatedSprites/PlayerAttackArea/AttackHitboxCollision:scale")
tracks/4/interp = 1
tracks/4/loop_wrap = true
tracks/4/keys = {
"times": PackedFloat32Array(0, 0.2, 0.4, 0.6),
"transitions": PackedFloat32Array(1, 1, 1, 1),
"update": 1,
"values": [Vector2(1e-05, 1e-05), Vector2(0.73, 1.54), Vector2(0.875, 2.775), Vector2(1e-05, 1e-05)]
}

[sub_resource type="AnimationLibrary" id="AnimationLibrary_ia717"]
_data = {
"RESET": SubResource("Animation_rh0ro"),
"fist_attack": SubResource("Animation_gbnld"),
"new_attack": SubResource("Animation_epagg"),
"sword_attack": SubResource("Animation_14jne")
}

[node name="Player" type="CharacterBody2D" node_paths=PackedStringArray("health_component") groups=["player"]]
collision_mask = 1030
platform_floor_layers = 4294967042
platform_wall_layers = 4
script = ExtResource("1_uplfv")
health_component = NodePath("HealthComponent")

[node name="PlayerAnimatedSprites" type="AnimatedSprite2D" parent="."]
unique_name_in_owner = true
scale = Vector2(1.5, 1.5)
sprite_frames = SubResource("SpriteFrames_qs1as")
animation = &"fist_attack"

[node name="PlayerAttackArea" type="Area2D" parent="PlayerAnimatedSprites"]
scale = Vector2(0.666667, 0.666667)
collision_layer = 512
collision_mask = 8
script = ExtResource("3_7m7d8")

[node name="AttackHitboxCollision" type="CollisionShape2D" parent="PlayerAnimatedSprites/PlayerAttackArea"]
position = Vector2(0, 4)
rotation = 1.5708
scale = Vector2(0.935, 0.92)
shape = SubResource("CapsuleShape2D_bvdgs")
disabled = true
debug_color = Color(1, 0, 0, 0.419608)

[node name="PlayerCollisionShape" type="CollisionShape2D" parent="."]
position = Vector2(0, 4)
shape = SubResource("CapsuleShape2D_4yqsc")
debug_color = Color(0, 0, 1, 0.478431)

[node name="PlayerCamera" type="Camera2D" parent="."]
skew = -1.56905
offset = Vector2(0, -50)
zoom = Vector2(3.5, 3.5)
limit_smoothed = true
position_smoothing_enabled = true
position_smoothing_speed = 64.0
rotation_smoothing_speed = 50.0
drag_horizontal_enabled = true
drag_vertical_enabled = true
drag_left_margin = 0.1
drag_top_margin = 0.1
drag_right_margin = 0.1
drag_bottom_margin = 0.1

[node name="ParallaxBackground" parent="PlayerCamera" instance=ExtResource("3_7y10h")]
offset = Vector2(0, -450)
transform = Transform2D(0.75, 0, 0, 0.75, 0, -450)

[node name="PlayerStateMachine" type="Node" parent="." node_paths=PackedStringArray("current_state")]
script = ExtResource("5_ghfvw")
current_state = NodePath("PlayerIdleState")

[node name="PlayerDoubleJumpState" type="Node" parent="PlayerStateMachine"]
script = ExtResource("6_im6hb")

[node name="PlayerIdleState" type="Node" parent="PlayerStateMachine"]
script = ExtResource("7_wnuac")

[node name="PlayerJumpState" type="Node" parent="PlayerStateMachine"]
script = ExtResource("8_hcngx")

[node name="PlayerRunState" type="Node" parent="PlayerStateMachine"]
script = ExtResource("9_rn042")

[node name="PlayerFallingState" type="Node" parent="PlayerStateMachine"]
script = ExtResource("10_x7p32")

[node name="PlayerDoubleJumpFallingState" type="Node" parent="PlayerStateMachine"]
script = ExtResource("11_dbhhb")

[node name="PlayerDamageState" type="Node" parent="PlayerStateMachine"]
script = ExtResource("12_jpya4")

[node name="PlayerDamageTimer" type="Timer" parent="PlayerStateMachine/PlayerDamageState"]
wait_time = 0.35
one_shot = true

[node name="PlayerInvencibleTimer" type="Timer" parent="PlayerStateMachine/PlayerDamageState"]
wait_time = 2.0
one_shot = true
script = ExtResource("13_n3ytu")

[node name="PlayerAttackState" type="Node" parent="PlayerStateMachine"]
script = ExtResource("14_38t5i")

[node name="PlayerAnimationPlayer" type="AnimationPlayer" parent="."]
unique_name_in_owner = true
libraries = {
"": SubResource("AnimationLibrary_ia717")
}
speed_scale = 2.0

[node name="HUD" parent="." instance=ExtResource("13_ofve7")]

[node name="JumpSound" type="AudioStreamPlayer2D" parent="."]
unique_name_in_owner = true
stream = ExtResource("14_7lwtc")

[node name="DoubleJumpSound" type="AudioStreamPlayer2D" parent="."]
unique_name_in_owner = true
stream = ExtResource("14_7lwtc")
pitch_scale = 1.5

[node name="CharacterDamageSound" type="AudioStreamPlayer2D" parent="."]
unique_name_in_owner = true
stream = ExtResource("15_qsyd3")

[node name="SwordAttackSound" type="AudioStreamPlayer2D" parent="."]
unique_name_in_owner = true
stream = ExtResource("16_ivhaq")

[node name="HealthComponent" parent="." instance=ExtResource("19_83eej")]
MAX_HEALTH = 100
invencible_time = 1.0

[connection signal="player_damaged" from="." to="HUD" method="_on_player_player_damaged"]
[connection signal="player_died" from="." to="." method="_on_player_died"]
[connection signal="body_entered" from="PlayerAnimatedSprites/PlayerAttackArea" to="." method="_on_player_attack_area_body_entered"]
[connection signal="timeout" from="PlayerStateMachine/PlayerDamageState/PlayerDamageTimer" to="PlayerStateMachine/PlayerDamageState" method="_on_damage_timer_timeout"]
[connection signal="timeout" from="PlayerStateMachine/PlayerDamageState/PlayerInvencibleTimer" to="PlayerStateMachine/PlayerDamageState" method="_on_invencible_timer_timeout"]
[connection signal="timeout" from="PlayerStateMachine/PlayerDamageState/PlayerInvencibleTimer" to="PlayerStateMachine/PlayerDamageState/PlayerInvencibleTimer" method="_on_timeout"]
[connection signal="entity_damaged" from="HealthComponent" to="." method="_on_health_component_entity_damaged"]
[connection signal="entity_damaged" from="HealthComponent" to="HUD" method="_on_health_component_entity_damaged"]
[connection signal="entity_dead" from="HealthComponent" to="." method="_on_health_component_entity_dead"]
